@inproceedings{502,
    title = {{Microsoft COCO: Common Objects in Context}},
    year = {2014},
    booktitle = {European Conference on Computer Vision (ECCV)},
    author = {Lin, Tsung-Yi and Maire, Michael and Belongie, Serge and Hays, James and Perona, Pietro and Ramanan, Deva and Doll�r, Piotr and Zitnick, C Lawrence},
    url = {/se3/wp-content/uploads/2014/09/coco_eccv.pdf, http://mscoco.org},
    address = {Z�rich}
}

@misc{QGIS_software,
    title = {{QGIS Geographic Information System}},
    year = {2009},
    author = {{QGIS Development Team}},
    url = {http://qgis.osgeo.org},
    institution = {Open Source Geospatial Foundation}
}

@article{opencv_library,
    title = {{The OpenCV Library}},
    year = {2000},
    journal = {Dr. Dobb's Journal of Software Tools},
    author = {Bradski, G},
    keywords = {bibtex-import}
}

@inproceedings{6836111,
    title = {{Vision for road inspection}},
    year = {2014},
    booktitle = {IEEE Winter Conference on Applications of Computer Vision},
    author = {Varadharajan, S and Jose, S and Sharma, K and Wander, L and Mertz, C},
    month = {3},
    pages = {115--122},
    doi = {10.1109/WACV.2014.6836111},
    issn = {1550-5790},
    keywords = {civil engineering computing;computer vision;image}
}

@article{Zhang20173DSurface,
    title = {{3D Shadow Modeling for Detection of Descended Patterns on 3D Pavement Surface}},
    year = {2017},
    journal = {Journal of Computing in Civil Engineering},
    author = {Zhang, Allen and Wang, Kelvin C. P. and Ai, Changfa},
    number = {4},
    pages = {04017019},
    volume = {31},
    url = {http://ascelibrary.org/doi/10.1061/%28ASCE%29CP.1943-5487.0000661},
    doi = {10.1061/(ASCE)CP.1943-5487.0000661},
    issn = {0887-3801}
}

@article{Hu2010ADetection,
    title = {{A Local Binary Pattern Based Methods for Pavement Crack Detection}},
    year = {2010},
    author = {Hu, Yong and Zhao, Chun-xia},
    number = {20103},
    pages = {140--147},
    volume = {1},
    keywords = {crack detection, lbp, local binary patterns, lookup, roughness measurement}
}

@inproceedings{Kovacevic2016ACondition,
    title = {{A New Methodology for Assessment of Railway Infrastructure Condition}},
    year = {2016},
    booktitle = {Transportation Research Procedia},
    author = {Kovacevic, M. S. and Gavin, K. and Oslakovic, I. Stipanovic and Bacic, M.},
    doi = {10.1016/j.trpro.2016.05.160},
    issn = {23521465},
    keywords = {GPR, embankments, railway infrastructure, risk assessment, unmanned aerial vehicle}
}

@article{Tedeschi2017ADevices,
    title = {{A real-time automatic pavement crack and pothole recognition system for mobile Android-based devices}},
    year = {2017},
    journal = {Advanced Engineering Informatics},
    author = {Tedeschi, A. and Benedetto, F.},
    pages = {11--25},
    volume = {32},
    doi = {10.1016/j.aei.2016.12.004},
    issn = {14740346},
    keywords = {Android, Computer vision, Distress recognition, Infrastructure monitoring, Pavement distress}
}

@misc{Koch2015AInfrastructure,
    title = {{A review on computer vision based defect detection and condition assessment of concrete and asphalt civil infrastructure}},
    year = {2015},
    booktitle = {Advanced Engineering Informatics},
    author = {Koch, Christian and Georgieva, Kristina and Kasireddy, Varun and Akinci, Burcu and Fieguth, Paul},
    isbn = {1474-0346},
    doi = {10.1016/j.aei.2015.01.008},
    issn = {14740346},
    keywords = {Computer vision, Condition assessment, Defect detection, Infrastructure, Infrastructure monitoring}
}

@inproceedings{Pagnano2013ARepair.,
    title = {{A roadmap for automated power line inspection. Maintenance and repair.}},
    year = {2013},
    booktitle = {Procedia CIRP},
    author = {Pagnano, A. and H{\"{o}}pf, M. and Teti, R.},
    isbn = {0000000000},
    doi = {10.1016/j.procir.2013.09.041},
    issn = {22128271},
    keywords = {Fully automated power line inspection concept, Power line data management system, Rwr, Vtol uavs}
}

@misc{Zhao2017AVisualization,
    title = {{A scientometric review of global BIM research: Analysis and visualization}},
    year = {2017},
    booktitle = {Automation in Construction},
    author = {Zhao, Xianbo},
    isbn = {09265805},
    doi = {10.1016/j.autcon.2017.04.002},
    issn = {09265805},
    keywords = {Building information modeling, Co-citation, Research trend, Scientometrics, Visualization}
}

@inproceedings{Gaitani2017AerialFabric,
    title = {{Aerial Survey and In-situ Measurements of Materials and Vegetation in the Urban Fabric}},
    year = {2017},
    booktitle = {Procedia Engineering},
    author = {Gaitani, Niki and Burud, Ingunn and Thiis, Thomas and Santamouris, Mat},
    doi = {10.1016/j.proeng.2017.04.296},
    issn = {18777058},
    keywords = {IR, NIR, UAV, Urban microclimate, aerial survey, materials, surface temperature, vegetation}
}

@article{Qi2007AnDiagnosis,
    title = {{An Adaptive Threshold Neural-Network Scheme for Rotorcraft UAV Sensor Failure Diagnosis}},
    year = {2007},
    author = {Qi, Juntong and Zhao, Xingang and Jiang, Zhe and Han, Jianda},
    pages = {589--596}
}

@article{Qi2007AnDiagnosisb,
    title = {{An Adaptive Threshold Neural-Network Scheme for Rotorcraft UAV Sensor Failure Diagnosis}},
    year = {2007},
    author = {Qi, Juntong and Zhao, Xingang and Jiang, Zhe and Han, Jianda},
    pages = {589--596}
}

@article{Cook2017AnDetection,
    title = {{An evaluation of the effectiveness of low-cost UAVs and structure from motion for geomorphic change detection}},
    year = {2017},
    journal = {Geomorphology},
    author = {Cook, Kristen L.},
    doi = {10.1016/j.geomorph.2016.11.009},
    issn = {0169555X},
    keywords = {Change detection, Fluvial processes, Structure from motion, UAV}
}

@article{ZhangANASSESSMENT,
    title = {{AN UAV-BASED PHOTOGRAMMETRIC MAPPING SYSTEM FOR ROAD CONDITION ASSESSMENT}},
    author = {Zhang, Chunsun},
    url = {http://www.isprs.org/proceedings/XXXVII/congress/5_pdf/109.pdf},
    keywords = {Condition Assessment, Mapping, Road, Transportation, UAV}
}

@article{Wang2000AndYstems,
    title = {{and I Mplementations of a Utomated S Ystems}},
    year = {2000},
    author = {Wang, By Kelvin C P},
    number = {March},
    pages = {24--32},
    volume = {6}
}

@article{Melo2017ApplicabilitySites,
    title = {{Applicability of unmanned aerial system (UAS) for safety inspection on construction sites}},
    year = {2017},
    journal = {Safety Science},
    author = {Melo, Roseneia Rodrigues Santos de and Costa, Dayana Bastos and {\'{A}}lvares, Juliana Sampaio and Irizarry, Javier},
    doi = {10.1016/j.ssci.2017.06.008},
    issn = {18791042},
    keywords = {Construction management, Safety inspection, Unmanned aerial vehicles and systems}
}

@article{Dernehl2017ARTICLEDiagrams,
    title = {{ARTICLE IN PRESS Case studies on automated verification with slope boundaries for block diagrams}},
    year = {2017},
    journal = {Computer Languages, Systems {\&} Structures},
    author = {Dernehl, Christian and K{\"{u}}hn, Jan and Kowalewski, Stefan},
    number = {0},
    pages = {0--1},
    volume = {12},
    url = {www.elsevier.com/locate/cl},
    doi = {10.1016/j.cl.2017.09.001},
    keywords = {Block diagrams, Model based development, Simulink, Verification}
}

@article{1998ARTIFICIALAlsugair,
    title = {{ARTIFICIAL NEURAL NETWORK ApPROACH FOR PAVEMENT MAINTENANCE By Abdullah M. Alsugair,}},
    year = {1998},
    number = {October},
    pages = {249--255},
    volume = {12}
}

@inproceedings{Quintero2015AugmentedVisualization,
    title = {{Augmented Reality app for Calculus: A Proposal for the Development of Spatial Visualization}},
    year = {2015},
    booktitle = {Procedia Computer Science},
    author = {Quintero, Eliud and Salinas, Patricia and Gonz??lez-Mend??vil, Eduardo and Ram??rez, H??ctor},
    doi = {10.1016/j.procs.2015.12.251},
    issn = {18770509},
    keywords = {Augmented Reality, Calculus, engineering education, spatial ability, spatial visualization}
}

@article{Hamledari2017AutomatedPartitions,
    title = {{Automated computer vision-based detection of components of under-construction indoor partitions}},
    year = {2017},
    journal = {Automation in Construction},
    author = {Hamledari, Hesam and McCabe, Brenda and Davari, Shakiba},
    doi = {10.1016/j.autcon.2016.11.009},
    issn = {09265805},
    keywords = {Computer vision, Digital images, Image processing, Indoors, Interior construction, Machine learning}
}

@article{Yeon2013AutomatedCracks,
    title = {{Automated image processing technique for detecting and analysing concrete surface cracks}},
    year = {2013},
    author = {Yeon, Bang and Yong, Yun and Yi, Seong-tae and Kim, Jin-keun},
    number = {6},
    pages = {567--577},
    volume = {9},
    keywords = {concrete crack, crack analysis, crack characteristics, crack detection}
}

@techreport{Pavement2004AutomatedTechniques,
    title = {{Automated Pavement Distress Collection Techniques}},
    year = {2004},
    author = {Pavement, Automated and Collection, Distress},
    url = {https://www.nap.edu/catalog/23348},
    isbn = {978-0-309-42726-5},
    doi = {10.17226/23348}
}

@article{Koch2013AutomatedData,
    title = {{Automated Pothole Distress Assessment Using Asphalt Pavement Video Data}},
    year = {2013},
    journal = {Journal of Computing in Civil Engineering},
    author = {Koch, Christian and Jog, Gauri M. and Brilakis, Ioannis},
    number = {4},
    pages = {370--378},
    volume = {27},
    url = {http://ascelibrary.org/doi/10.1061/%28ASCE%29CP.1943-5487.0000232},
    doi = {10.1061/(ASCE)CP.1943-5487.0000232},
    issn = {0887-3801}
}

@article{Oliveira2013AutomaticCharacterization,
    title = {{Automatic road crack detection and characterization}},
    year = {2013},
    journal = {IEEE Transactions on Intelligent Transportation Systems},
    author = {Oliveira, Henrique and Correia, Paulo Lobato},
    number = {1},
    pages = {155--168},
    volume = {14},
    doi = {10.1109/TITS.2012.2208630},
    issn = {15249050},
    keywords = {Clustering, crack characterization, crack severity level, road crack detection, segmentation, unsupervised learning}
}

@article{Alavi2016BigEngineering,
    title = {{Big data in civil engineering}},
    year = {2016},
    journal = {Automation in Construction},
    author = {Alavi, Amir H and Gandomi, Amir H},
    pages = {1--2},
    volume = {79},
    url = {http://dx.doi.org/10.1016/j.autcon.2016.12.008},
    doi = {10.1016/j.autcon.2016.12.008}
}

@article{Estima2016ComparacaoVolumes,
    title = {{Compara{\c{c}}{\~{a}}o De Modelos Tridimensionais Produzidos Com Imagens Adquiridas Por Uav E Avalia{\c{c}}{\~{a}}o De Volumes}},
    year = {2016},
    author = {Estima, Maria Inês Duarte Ramos},
    pages = {96},
    keywords = {3D modeling, GRID, MDS, MDT, Malha, Modela{\c{c}}{\~{a}}o 3D, Nuvem de Pontos, Point Cloud, TIN, UAV, Volume}
}

@article{Yu2017ComputersTechniques,
    title = {{Computers and Electronics in Agriculture Fast non-rigid image feature matching for agricultural UAV via probabilistic inference with regularization techniques}},
    year = {2017},
    author = {Yu, Zhenghong and Zhou, Huabing and Li, Cuina},
    url = {www.elsevier.com/locate/compag},
    doi = {10.1016/j.compag.2017.10.002},
    keywords = {Image feature matching, Precision agriculture, Unmanned aerial vehicle}
}

@article{Liu2016ConcreteReconstruction,
    title = {{Concrete Crack Assessment Using Digital Image Processing and 3D Scene Reconstruction}},
    year = {2016},
    journal = {Journal of Computing in Civil Engineering},
    author = {Liu, Yu-Fei and Cho, Soojin and Spencer, B. F. and Fan, Jian-Sheng},
    number = {1},
    month = {1},
    pages = {04014124},
    volume = {30},
    url = {http://ascelibrary.org/doi/10.1061/%28ASCE%29CP.1943-5487.0000446 http://ascelibrary.org/doi/abs/10.1061/%28ASCE%29CP.1943-5487.0000446},
    doi = {10.1061/(ASCE)CP.1943-5487.0000446},
    issn = {0887-3801},
    keywords = {Crack assessment, Crack width, Digital image processing, Projection, Three-dimensional (3D) scene reconstruction}
}

@article{Mohan2017CrackAnalysis,
    title = {{Crack detection using image processing: A critical review and analysis}},
    year = {2017},
    journal = {Alexandria Engineering Journal},
    author = {Mohan, Arun and Poobal, Sumathi},
    isbn = {1110-0168},
    doi = {10.1016/j.aej.2017.01.020},
    issn = {11100168}
}

@article{Tsai2012CriticalTechnology,
    title = {{Critical Assessment of Detecting Asphalt Pavement Cracks under Different Lighting and Low Intensity Contrast Conditions Using Emerging 3D Laser Technology}},
    year = {2012},
    journal = {Journal of Transportation Engineering},
    author = {Tsai, Yi-Chang James and Li, Feng},
    number = {5},
    pages = {649--656},
    volume = {138},
    url = {http://ascelibrary.org/doi/10.1061/%28ASCE%29TE.1943-5436.0000353},
    doi = {10.1061/(ASCE)TE.1943-5436.0000353},
    issn = {0733-947X}
}

@article{Tsai2010CriticalMethods,
    title = {{Critical Assessment of Pavement Distress Segmentation Methods}},
    year = {2010},
    journal = {Journal of Transportation Engineering},
    author = {Tsai, Yi-Chang and Kaul, Vivek and Mersereau, Russell M.},
    number = {1},
    pages = {11--19},
    volume = {136},
    url = {http://ascelibrary.org/doi/10.1061/%28ASCE%29TE.1943-5436.0000051},
    doi = {10.1061/(ASCE)TE.1943-5436.0000051},
    issn = {0733-947X}
}

@inproceedings{Themistocleous2014DamageSpectroscopy,
    title = {{Damage assessment using advanced non-intrusive inspection methods: integration of space, UAV, GPR, and field spectroscopy}},
    year = {2014},
    author = {Themistocleous, Kyriacos and Neocleous, Kyriacos and Pilakoutas, Kypros and Hadjimitsis, Diofantos G.},
    editor = {Hadjimitsis, Diofantos G. and Themistocleous, Kyriacos and Michaelides, Silas and Papadavid, Giorgos},
    month = {8},
    pages = {92291O},
    volume = {9229},
    publisher = {International Society for Optics and Photonics},
    url = {http://proceedings.spiedigitallibrary.org/proceeding.aspx?doi=10.1117/12.2069507},
    doi = {10.1117/12.2069507},
    keywords = {GPR, UAV, remote sensing, satellite imaging, spectroscopy}
}

@article{Brooks2014DeliverableProject,
    title = {{Deliverable 8-B : Final Report Michigan Technological University Characterization of Unpaved Road Condition Through the Use of Remote Sensing Project}},
    year = {2014},
    author = {Brooks, Colin and Roussi, Chris and Dean, David and Hart, Ben and Garbarino, Joe}
}

@article{Su2013Dual-LightSurveys,
    title = {{Dual-Light Inspection Method for Automatic Pavement Surveys}},
    year = {2013},
    author = {Su, Yung-shun and Kang, Shih-chung and Chang, Jia-ruey and Hsieh, Shang-hsien},
    number = {October},
    pages = {534--543},
    volume = {27},
    doi = {10.1061/(ASCE)CP.1943-5487}
}

@inproceedings{Pereira2015EmbeddedUAVs,
    title = {{Embedded image processing systems for automatic recognition of cracks using UAVs}},
    year = {2015},
    booktitle = {IFAC-PapersOnLine},
    author = {Pereira, F??bio Celestino and Pereira, Carlos Eduardo},
    doi = {10.1016/j.ifacol.2015.08.101},
    issn = {24058963},
    keywords = {Cracks detection, Embedded system, Image processing, Unmanned Aerial Vehicle}
}

@article{KarimA.andAdeli2003FastAlgorithm,
    title = {{Fast Automatic Incident Detection on Urban and Rural Freeways Using Wavelet Energy Algorithm}},
    year = {2003},
    journal = {Journal of Transportation Engineering, ASCE},
    author = {Karim, A. and Adeli, H.},
    number = {1},
    pages = {57--68},
    volume = {129},
    isbn = {0733-947X},
    doi = {10.1061/(asce)0733-947x(2003)129:1(57)},
    issn = {0733947X}
}

@article{Doycheva2016GPU-EnabledTime,
    title = {{GPU-Enabled Pavement Distress Image Classification in Real Time}},
    year = {2016},
    journal = {Journal of Computing in Civil Engineering},
    author = {Doycheva, Kristina and Koch, Christian and K{\"{o}}nig, Markus},
    number = {3},
    pages = {04016061},
    volume = {31},
    url = {http://ascelibrary.org/doi/10.1061/%28ASCE%29CP.1943-5487.0000630},
    doi = {10.1061/(ASCE)CP.1943-5487.0000630},
    issn = {0887-3801}
}

@inproceedings{Kamali2016HardwareUAV,
    title = {{Hardware in the Loop Simulation for a Mini UAV}},
    year = {2016},
    booktitle = {IFAC-PapersOnLine},
    author = {Kamali, C. and Jain, Shikha},
    doi = {10.1016/j.ifacol.2016.03.138},
    issn = {24058963},
    keywords = {Autopliot board, Model based design, Modeling and Simulation}
}

@inproceedings{Sankarasrinivasan2015HealthSystem,
    title = {{Health Monitoring of Civil Structures with Integrated UAV and Image Processing System}},
    year = {2015},
    booktitle = {Procedia Computer Science},
    author = {Sankarasrinivasan, S. and Balasubramanian, E. and Karthik, K. and Chandrasekar, U. and Gupta, Rishi},
    isbn = {18770509},
    doi = {10.1016/j.procs.2015.06.058},
    issn = {18770509},
    keywords = {Crack detection, Efflorescence, Image processing, Structural health monitoring, UAVs}
}

@article{Gaitani2017High-resolutionVehicles,
    title = {{High-resolution spectral mapping of urban thermal properties with Unmanned Aerial Vehicles}},
    year = {2017},
    journal = {Building and Environment},
    author = {Gaitani, Niki and Burud, Ingunn and Thiis, Thomas and Santamouris, Mat},
    doi = {10.1016/j.buildenv.2017.05.027},
    issn = {03601323},
    keywords = {Aerial survey, IR, Materials, NIR, Surface temperature, UAV, Urban microclimate}
}

@article{Santesteban2017High-resolutionVineyard,
    title = {{High-resolution UAV-based thermal imaging to estimate the instantaneous and seasonal variability of plant water status within a vineyard}},
    year = {2017},
    journal = {Agricultural Water Management},
    author = {Santesteban, L. G. and Di Gennaro, S. F. and Herrero-Langreo, A. and Miranda, C. and Royo, J. B. and Matese, A.},
    doi = {10.1016/j.agwat.2016.08.026},
    issn = {18732283},
    keywords = {Crop Water Stress Index, Stomatal conductance, UAV, Vitis vinifera L., Water potential}
}

@article{Barlish2012HowApproach,
    title = {{How to measure the benefits of BIM - A case study approach}},
    year = {2012},
    journal = {Automation in Construction},
    author = {Barlish, Kristen and Sullivan, Kenneth},
    isbn = {0926-5805},
    doi = {10.1016/j.autcon.2012.02.008},
    issn = {09265805},
    pmid = {25246403},
    arxivId = {arXiv:1011.1669v3},
    keywords = {Benefits of BIM, Building Information Modeling (BIM), Framework model}
}

@article{Vetrivel2015IdentificationImages,
    title = {{Identification of damage in buildings based on gaps in 3D point clouds from very high resolution oblique airborne images}},
    year = {2015},
    journal = {ISPRS Journal of Photogrammetry and Remote Sensing},
    author = {Vetrivel, Anand and Gerke, Markus and Kerle, Norman and Vosselman, George},
    doi = {10.1016/j.isprsjprs.2015.03.016},
    issn = {09242716},
    keywords = {Building delineation, Damage pattern, Gap classification, Image-based 3D point cloud, Oblique images, Texture, UAV}
}

@article{Ryu2015Image-BasedSystem,
    title = {{Image-Based Pothole Detection System for ITS Service and Road Management System}},
    year = {2015},
    journal = {Mathematical Problems in Engineering},
    author = {Ryu, Seung Ki and Kim, Taehyeong and Kim, Young Ro},
    volume = {2015},
    doi = {10.1155/2015/968361},
    issn = {15635147}
}

@article{Herold2008ImagingSurveys,
    title = {{Imaging spectrometry and asphalt road surveys}},
    year = {2008},
    journal = {Transportation Research Part C: Emerging Technologies},
    author = {Herold, Martin and Roberts, Dar and Noronha, Val and Smadi, Omar},
    number = {2},
    month = {4},
    pages = {153--166},
    volume = {16},
    url = {http://linkinghub.elsevier.com/retrieve/pii/S0968090X07000538},
    doi = {10.1016/j.trc.2007.07.001},
    issn = {0968090X}
}

@misc{AlexanderJung2016Imgaug,
    title = {{Imgaug}},
    year = {2016},
    author = {{Alexander Jung}},
    publisher = {GitHub},
    url = {https://github.com/aleju/imgaug}
}

@article{Eggert2017ImprovingDetection,
    title = {{Improving Small Object Proposals for Company Logo Detection}},
    year = {2017},
    author = {Eggert, Christian and Zecha, Dan and Brehm, Stephan and Lienhart, Rainer},
    url = {http://arxiv.org/abs/1704.08881%0Ahttp://dx.doi.org/10.1145/3078971.3078990},
    isbn = {9781450347013},
    doi = {10.1145/3078971.3078990},
    arxivId = {1704.08881},
    keywords = {brand detection, company, faster r-cnn, logos, object detection, object proposals, object recognition, proposal network, region, rpn, small objects}
}

@article{ASCE2013InfrastructureCard,
    title = {{Infrastructure report card}},
    year = {2013},
    journal = {ASCE News},
    author = {{ASCE}},
    number = {September 2013},
    pages = {1--36},
    volume = {53},
    url = {https://www.infrastructurereportcard.org/wp-content/uploads/2017/01/Roads-Final.pdf%0Ahttp://www.infrastructurereportcard.org/a/documents/Bridges.pdf},
    isbn = {9788578110796},
    doi = {10.1017/CBO9781107415324.004},
    issn = {1098-6596},
    pmid = {25246403},
    arxivId = {arXiv:1011.1669v3}
}

@article{Agostinho2012InspecaoMonitorizacao,
    title = {{Inspe{\c{c}}{\~{a}}o e Monitoriza{\c{c}}{\~{a}}o de Estruturas em Emgenharia Civil - Utiliza{\c{c}}{\~{a}}o de UAV na Inspe{\c{c}}{\~{a}}o e Monitoriza{\c{c}}{\~{a}}o}},
    year = {2012},
    author = {Agostinho, Sérgio},
    pages = {105}
}

@inproceedings{Potenza2017IntegratedDetection,
    title = {{Integrated Process of Images and Acceleration Measurements for Damage Detection}},
    year = {2017},
    booktitle = {Procedia Engineering},
    author = {Potenza, Francesco and Castelli, Gianni and Gattulli, Vincenzo and Ottaviano, Erika},
    doi = {10.1016/j.proeng.2017.09.126},
    issn = {18777058},
    keywords = {Automation, Damage Identification, Dynamic Testing, Image Processing, Model Updating, Visual Inspection}
}

@article{Li2016IntegratedDetection,
    title = {{Integrated Processing of Image and GPR Data for Automated Pothole Detection}},
    year = {2016},
    journal = {Journal of Computing in Civil Engineering},
    author = {Li, Shuai and Yuan, Chenxi and Liu, Donghai and Cai, Hubo},
    number = {6},
    pages = {04016015},
    volume = {30},
    url = {http://ascelibrary.org/doi/10.1061/%28ASCE%29CP.1943-5487.0000582},
    doi = {10.1061/(ASCE)CP.1943-5487.0000582},
    issn = {0887-3801}
}

@article{INTEGRATINGIMAGERY,
    title = {{INTEGRATING PAVEMENT CRACK DETECTION AND ANALYSIS USING AUTONOMOUS UNMANNED AERIAL VEHICLE IMAGERY}}
}

@article{Andreou2011InvestigationConditions,
    title = {{Investigation of hyperspectral remote sensing for mapping asphalt road conditions}},
    year = {2011},
    journal = {International Journal of Remote Sensing},
    author = {Andreou, Charoula and Karathanassi, Vassilia and Kolokoussis, Polychronis},
    number = {21},
    month = {11},
    pages = {6315--6333},
    volume = {32},
    url = {http://www.tandfonline.com/doi/abs/10.1080/01431161.2010.508799},
    doi = {10.1080/01431161.2010.508799},
    issn = {0143-1161}
}

@misc{Tzutalin2015LabelImg,
    title = {{LabelImg}},
    year = {2015},
    author = {{Tzutalin}},
    publisher = {GitHub},
    url = {https://github.com/tzutalin/labelImg}
}

@article{Wang2017Learning,
    title = {{Learning}},
    year = {2017},
    author = {Wang, Jason and Perez, Luis},
    arxivId = {arXiv:1712.04621v1}
}

@inproceedings{Branco2015MaNIAC-UAVVehicles,
    title = {{MaNIAC-UAV - A methodology for automatic pavement defects detection using images obtained by Unmanned Aerial Vehicles}},
    year = {2015},
    booktitle = {Journal of Physics: Conference Series},
    author = {Branco, Luiz Henrique Castelo and Segantine, Paulo César Lima},
    number = {1},
    volume = {633},
    doi = {10.1088/1742-6596/633/1/012122},
    issn = {17426596}
}

@article{HenriqueMaNIAC-UAVVehicles,
    title = {{MaNIAC-UAV -a methodology for automatic pavement defects detection using images obtained by Unmanned Aerial Vehicles}},
    author = {Henrique, Luiz and Branco, Castelo and C{\'{e}}sar, Paulo and Segantine, Lima},
    volume = {633},
    url = {http://iopscience.iop.org/article/10.1088/1742-6596/633/1/012122/pdf}
}

@phdthesis{Branco2016MANIAC:VANTs,
    title = {{MANIAC: uma metodologia para o monitoramento automatizado das condi{\c{c}}ões dos pavimentos utilizando VANTs}},
    year = {2016},
    author = {Branco, Luiz Henrique Castelo},
    keywords = {Aprendizado de M{\'{a}}quina, Pavimento Flex{\'{i}}vel Asf{\'{a}}ltico, Ve{\'{i}}culo A{\'{e}}reo N{\~{a}}o Tripulado}
}

@article{Huidrom2013MethodClips,
    title = {{Method for Automated Assessment of Potholes, Cracks and Patches from Road Surface Video Clips}},
    year = {2013},
    journal = {Procedia - Social and Behavioral Sciences},
    author = {Huidrom, Lokeshwor and Das, Lalit Kumar and Sud, S.K.},
    pages = {312--321},
    volume = {104},
    publisher = {Elsevier B.V.},
    url = {http://linkinghub.elsevier.com/retrieve/pii/S1877042813045151},
    isbn = {1877-0428},
    doi = {10.1016/j.sbspro.2013.11.124},
    issn = {18770428},
    keywords = {adaptive thresholding, automated distress assessment, image processing, visual properties extraction}
}

@article{Siebert2014MobileSystem,
    title = {{Mobile 3D mapping for surveying earthwork projects using an Unmanned Aerial Vehicle (UAV) system}},
    year = {2014},
    journal = {Automation in Construction},
    author = {Siebert, Sebastian and Teizer, Jochen},
    isbn = {09265805},
    doi = {10.1016/j.autcon.2014.01.004},
    issn = {09265805},
    pmid = {25246403},
    arxivId = {arXiv:1011.1669v3},
    keywords = {3D range point cloud generation and mapping, Airplane and helicopters, Autonomous vision-based infrastructure sensing, Efficiency, productivity, and safety in geomatics, Global positioning system (GPS), Laser scanning, Photogrammetry, Remotely piloted vehicles (RPV), Robotic total station (RTS), Unmanned aerial vehicle (UAV) systems (UAS)}
}

@article{Siebert2014MobileSystemb,
    title = {{Mobile 3D mapping for surveying earthwork projects using an Unmanned Aerial Vehicle (UAV) system}},
    year = {2014},
    journal = {Automation in Construction},
    author = {Siebert, Sebastian and Teizer, Jochen},
    isbn = {09265805},
    doi = {10.1016/j.autcon.2014.01.004},
    issn = {09265805},
    pmid = {25246403},
    arxivId = {arXiv:1011.1669v3},
    keywords = {3D range point cloud generation and mapping, Airplane and helicopters, Autonomous vision-based infrastructure sensing, Efficiency, productivity, and safety in geomatics, Global positioning system (GPS), Laser scanning, Photogrammetry, Remotely piloted vehicles (RPV), Robotic total station (RTS), Unmanned aerial vehicle (UAV) systems (UAS)}
}

@article{Amarasiri2010ModelingProperties,
    title = {{Modeling of Crack Depths in Digital Images of Concrete Pavements Using Optical Reflection Properties}},
    year = {2010},
    journal = {Journal of Transportation Engineering},
    author = {Amarasiri, Saumya and Gunaratne, Manjriker and Sarkar, Sudeep},
    number = {6},
    pages = {489--499},
    volume = {136},
    doi = {10.1061/(ASCE)TE.1943-5436.0000095},
    issn = {0733-947X}
}

@article{Soncim2014ModeloSuperficial,
    title = {{Modelo de Previs{\~{a}}o da {\'{A}}rea de Desgaste em Pavimentos Rodovi{\'{a}}rios com Revestimento em Tratamento Superficial}},
    year = {2014},
    journal = {Transportes},
    author = {Soncim, Sérgio Pacífico and Fernandes Jr., José Leomar and Campos, Luis Edmundo Prado},
    number = {2},
    pages = {51--61},
    volume = {22},
    keywords = {asphalt pavements, management systems, performance models, raveling}
}

@article{Adu-Gyamfi2012MultiresolutionAnalysis,
    title = {{Multiresolution Information Mining for Pavement Crack Image Analysis}},
    year = {2012},
    journal = {Journal of Computing in Civil Engineering},
    author = {Adu-Gyamfi, Y. O. and Okine, N. O. Attoh and Garateguy, Gonzalo and Carrillo, Rafael and Arce, Gonzalo R.},
    number = {6},
    pages = {741--749},
    volume = {26},
    url = {http://ascelibrary.org/doi/10.1061/%28ASCE%29CP.1943-5487.0000178},
    doi = {10.1061/(ASCE)CP.1943-5487.0000178},
    issn = {0887-3801}
}

@article{Fu2011NewSurvey,
    title = {{New Method for Classifying and Quantifying Cracking of Flexible Pavements in Automated Pavement Condition Survey}},
    year = {2011},
    journal = {Transportation Research Record: Journal of the Transportation Research Board},
    author = {Fu, Pengcheng and Harvey, John and Lee, James and Vacura, Peter},
    month = {12},
    pages = {99--108},
    volume = {2225},
    url = {http://trrjournalonline.trb.org/doi/10.3141/2225-11},
    doi = {10.3141/2225-11},
    issn = {0361-1981}
}

@article{Cheng1998NovelDetection,
    title = {{Novel System for Automatic Pavement Distress Detection}},
    year = {1998},
    journal = {Journal of Computing in Civil Engineering},
    author = {Cheng, H. D. and Miyojim, M.},
    number = {3},
    pages = {145--152},
    volume = {12},
    isbn = {0020-0255, 0020-0255},
    doi = {10.1061/(ASCE)0887-3801(1998)12:3(145)},
    issn = {0887-3801},
    keywords = {analysis and classification, image, image enhancement, pavement distress detection, segmentation}
}

@article{Serra2014OMunicipal,
    title = {{O Potencial dos UAV para Atualiza{\c{c}}{\~{a}}o da Cartografia Municipal}},
    year = {2014},
    author = {Serra, Luís António},
    pages = {115}
}

@article{PanOBJECT-BASEDUAV,
    title = {{OBJECT-BASED AND SUPERVISED DETECTION OF POTHOLES AND CRACKS FROM THE PAVEMENT IMAGES ACQUIRED BY UAV}},
    author = {Pan, Y and Zhang, X and Sun, M and Zhao, Qingzhan},
    url = {https://www.int-arch-photogramm-remote-sens-spatial-inf-sci.net/XLII-4-W4/209/2017/isprs-archives-XLII-4-W4-209-2017.pdf},
    doi = {10.5194/isprs-archives-XLII-4-W4-209-2017},
    keywords = {Crack, Pavement distress, Pothole, Remote sensing, Supervised learning, UAV}
}

@article{Cheng1999PT,
    title = {{P c d b f s t}},
    year = {1999},
    author = {Cheng, By H D and Chen, Jim-rong and Glazier, Chris and Hu, Y G},
    number = {October},
    pages = {270--280},
    volume = {13}
}

@article{Salman2013PavementFilter,
    title = {{Pavement crack detection using the Gabor filter}},
    year = {2013},
    journal = {16th International IEEE Conference on Intelligent Transportation Systems (ITSC 2013)},
    author = {Salman, M. and Mathavan, S. and Kamal, K. and Rahman, M.},
    number = {Itsc},
    pages = {2039--2044},
    url = {http://ieeexplore.ieee.org/document/6728529/},
    isbn = {978-1-4799-2914-6},
    doi = {10.1109/ITSC.2013.6728529},
    issn = {2153-0009}
}

@article{PEGARDEPOIS,
    title = {{PEGAR DEPOIS}}
}

@article{Vallet2011PHOTOGRAMMETRICquot,
    title = {{PHOTOGRAMMETRIC PERFORMANCE OF AN ULTRA LIGHT WEIGHT SWINGLET {\&}quot; UAV {\&}quot;}},
    year = {2011},
    journal = {International Archives of the Photogrammetry, Remote Sensing and Spatial Information Sciences},
    author = {Vallet, J and Panissod, F and Strecha, C and Tracol, M},
    url = {https://infoscience.epfl.ch/record/169252/files/Paper-vallet_UAVg.pdf},
    keywords = {DTM, Photogrammetry, UAVs, Ultra light, aerial triangulation, calibration, camera, orthophoto}
}

@article{Dupont2017PotentialChain,
    title = {{Potential Applications of UAV along the Construction's Value Chain}},
    year = {2017},
    journal = {Procedia Engineering},
    author = {Dupont, Quentin F.M. and Chua, David K.H. and Tashrif, Ahmad and Abbott, Ernest L.S.},
    doi = {10.1016/j.proeng.2017.03.155},
    issn = {18777058}
}

@article{Koch2011PotholeImages,
    title = {{Pothole detection in asphalt pavement images}},
    year = {2011},
    journal = {Advanced Engineering Informatics},
    author = {Koch, Christian and Brilakis, Ioannis},
    number = {3},
    month = {8},
    pages = {507--515},
    volume = {25},
    url = {http://linkinghub.elsevier.com/retrieve/pii/S1474034611000036},
    doi = {10.1016/j.aei.2011.01.002},
    issn = {14740346}
}

@article{Koch2011PotholeImagesb,
    title = {{Pothole detection in asphalt pavement images}},
    year = {2011},
    journal = {Advanced Engineering Informatics},
    author = {Koch, Christian and Brilakis, Ioannis},
    number = {3},
    pages = {507--515},
    volume = {25},
    publisher = {Elsevier Ltd},
    url = {http://dx.doi.org/10.1016/j.aei.2011.01.002},
    isbn = {1474-0346},
    doi = {10.1016/j.aei.2011.01.002},
    issn = {14740346},
    keywords = {Image processing, Pavement assessment, Pothole detection, Visual sensing}
}

@article{Ouma2017PotholeReconstruction,
    title = {{Pothole detection on asphalt pavements from 2D-colour pothole images using fuzzy c-means clustering and morphological reconstruction}},
    year = {2017},
    journal = {Automation in Construction},
    author = {Ouma, Yashon O. and Hahn, M.},
    number = {August},
    pages = {196--211},
    volume = {83},
    publisher = {Elsevier},
    url = {http://dx.doi.org/10.1016/j.autcon.2017.08.017},
    doi = {10.1016/j.autcon.2017.08.017},
    issn = {09265805},
    keywords = {Fuzzy c-means clustering, Low-cost 2D imaging, Morphological reconstruction, Pothole detection, Wavelet transform}
}

@article{Pulugurtha2013PreliminaryPerspective,
    title = {{Preliminary Results towards Developing Thresholds for Pavement Condition Maintenance: Safety Perspective}},
    year = {2013},
    journal = {Procedia - Social and Behavioral Sciences},
    author = {Pulugurtha, Srinivas S. and Ogunro, Vincent and Pando, Miguel A. and Patel, Kuvleshay J. and Bonsu, Agyeman},
    isbn = {1877-0428},
    doi = {10.1016/j.sbspro.2013.11.123},
    issn = {18770428}
}

@article{1993PreprocessingThe,
    title = {{Preprocessing Maser ( 1987 ) evaluates the application of image processing techniques to Classification In general , classification methods are based on the representation of the}},
    year = {1993},
    number = {3},
    pages = {402--418},
    volume = {119}
}

@article{Lin2015PROCEEDINGSFi,
    title = {{PROCEEDINGS OF SPIE Monitoring abandoned dreg fields of high-speed railway construction with UAV remote sensing technology "Monitoring abandoned dreg fields of high-speed railway construction with UAV remote sensing technology Monitoring Abandoned Dreg Fi}},
    year = {2015},
    author = {Lin, Jiayuan and Wang, Zhiliang and Wang, Yangchun and Lin, Yi and Du, Xiaolin},
    number = {9},
    volume = {980808},
    url = {https://www.spiedigitallibrary.org/conference-proceedings-of-spie https://www.spiedigitallibrary.org/terms-of-use},
    doi = {10.1117/12.2207421},
    keywords = {Abandoned Dreg Field, High-speed Railway Construction, Remote Sensing, Unmanned Aerial Vehicle (UAV)}
}

@article{Lin2015PROCEEDINGSFib,
    title = {{PROCEEDINGS OF SPIE Monitoring abandoned dreg fields of high-speed railway construction with UAV remote sensing technology "Monitoring abandoned dreg fields of high-speed railway construction with UAV remote sensing technology Monitoring Abandoned Dreg Fi}},
    year = {2015},
    author = {Lin, Jiayuan and Wang, Zhiliang and Wang, Yangchun and Lin, Yi and Du, Xiaolin},
    number = {9},
    volume = {980808},
    url = {https://www.spiedigitallibrary.org/conference-proceedings-of-spie https://www.spiedigitallibrary.org/terms-of-use},
    doi = {10.1117/12.2207421},
    keywords = {Abandoned Dreg Field, High-speed Railway Construction, Remote Sensing, Unmanned Aerial Vehicle (UAV)}
}

@article{Cho2013Projection-Recognition-ProjectionOperations,
    title = {{Projection-Recognition-Projection Method for Automatic Object Recognition and Registration for Dynamic Heavy Equipment Operations}},
    year = {2013},
    journal = {Journal of Computing in Civil Engineering},
    author = {Cho, Yong K and Gai, Mengmeng},
    number = {5},
    pages = {1--9},
    volume = {28},
    isbn = {Cho},
    doi = {10.1061/(ASCE)CP},
    issn = {0887-3801},
    keywords = {Building information modeling, Construction, Cost, Mensch-Maschine-Schnittestelle, Return on investment, Schedule, Virtual design and construction}
}

@misc{QGISDevelopmentTeam2009QGISSystem,
    title = {{QGIS Geographic Information System}},
    year = {2009},
    author = {{QGIS Development Team}}
}

@article{Zakeri2016Rahbin:Inspection,
    title = {{Rahbin: A quadcopter unmanned aerial vehicle based on a systematic image processing approach toward an automated asphalt pavement inspection}},
    year = {2016},
    journal = {Automation in Construction},
    author = {Zakeri, H. and Nejad, Fereidoon Moghadas and Fahimifar, Ahmad},
    doi = {10.1016/j.autcon.2016.09.002},
    issn = {09265805},
    keywords = {3DPRT, MSS, PSVM, Pavement Inspection, QUAV}
}

@article{FerreiraRedesSoja,
    title = {{Redes Neurais Convolucionais Profundas na Detec{\c{c}}{\~{a}}o de Plantas Daninhas em Lavoura de Soja}},
    author = {Ferreira, Santos}
}

@article{Girshick2016Region-BasedSegmentation,
    title = {{Region-Based Convolutional Networks for Accurate Object Detection and Segmentation}},
    year = {2016},
    journal = {IEEE Transactions on Pattern Analysis and Machine Intelligence},
    author = {Girshick, Ross and Donahue, Jeff and Darrell, Trevor and Malik, Jitendra},
    number = {1},
    pages = {142--158},
    volume = {38},
    isbn = {9781479951178},
    doi = {10.1109/TPAMI.2015.2437384},
    issn = {01628828},
    pmid = {26656583},
    arxivId = {1311.2524},
    keywords = {Convolutional Networks, Deep Learning, Detection, Object Recognition, Semantic Segmentation, Transfer Learning}
}

@article{Omar2017RemoteThermography,
    title = {{Remote sensing of concrete bridge decks using unmanned aerial vehicle infrared thermography}},
    year = {2017},
    journal = {Automation in Construction},
    author = {Omar, Tarek and Nehdi, Moncef L.},
    doi = {10.1016/j.autcon.2017.06.024},
    issn = {09265805},
    keywords = {Bridge deck, Condition map, Delamination, Infrared thermography, K-means clustering, Mosaic thermogram, Remote sensing, Thresholds, Unmanned aerial vehicle}
}

@article{Schnebele2015ReviewAssessment,
    title = {{Review of remote sensing methodologies for pavement management and assessment}},
    year = {2015},
    journal = {European Transport Research Review},
    author = {Schnebele, E. and Tanyu, B. F. and Cervone, G. and Waters, N.},
    number = {2},
    month = {6},
    pages = {7},
    volume = {7},
    publisher = {Springer International Publishing},
    url = {http://link.springer.com/10.1007/s12544-015-0156-6},
    doi = {10.1007/s12544-015-0156-6},
    issn = {1867-0717}
}

@article{Schnebele2015ReviewAssessmentb,
    title = {{Review of remote sensing methodologies for pavement management and assessment}},
    year = {2015},
    journal = {Eur. Transp. Res. Rev},
    author = {Schnebele, E and Tanyu, B F and Cervone, G and Waters, N},
    volume = {7},
    url = {https://link.springer.com/content/pdf/10.1007%2Fs12544-015-0156-6.pdf},
    doi = {10.1007/s12544-015-0156-6},
    keywords = {Civil engineering, Remote sensing {\textperiodcentered}, Road assessment {\textperiodcentered}}
}

@article{Perelles2013RevistaALCONPAT,
    title = {{Revista ALCONPAT}},
    year = {2013},
    journal = {Alconpat},
    author = {Perelles, D.H; and Medeiros, M.F.; and Garcez, M.R.},
    pages = {161--176},
    volume = {3},
    url = {http://www.mda.cinvestav.mx/alconpat/revista/documentos/Revista ALCONPAT, Volumen 1, Numero 1, Enero-Abril 2011/Revista ALCONPAT, Volumen 1, Numero 1, Enero-Abril 2011.pdf},
    isbn = {2013011717},
    doi = {http://dx.doi.org/10.21041/ra.v 2i3.33},
    issn = {2007-6835},
    keywords = {aramida, carbono, m{\'{e}}todo da an{\'{a}}lise hier{\'{a}}rquica, pol{\'{i}}meros refor{\c{c}}ados com fibras, refor{\c{c}}o estrutural, vidro}
}

@article{Zhang2016RoadNetwork,
    title = {{Road crack detection using deep convolutional neural network}},
    year = {2016},
    journal = {2016 IEEE International Conference on Image Processing (ICIP)},
    author = {Zhang, Lei and Yang, Fan and Daniel Zhang, Yimin and Zhu, Ying Julie},
    pages = {3708--3712},
    isbn = {978-1-4673-9961-6},
    doi = {10.1109/ICIP.2016.7533052},
    issn = {15224880}
}

@article{Zhang2016RoadNetworkb,
    title = {{Road crack detection using deep convolutional neural network}},
    year = {2016},
    journal = {2016 IEEE International Conference on Image Processing (ICIP)},
    author = {Zhang, Lei and Yang, Fan and Daniel Zhang, Yimin and Zhu, Ying Julie},
    pages = {3708--3712},
    url = {http://ieeexplore.ieee.org/document/7533052/},
    isbn = {978-1-4673-9961-6},
    doi = {10.1109/ICIP.2016.7533052},
    issn = {15224880}
}

@article{Zalama2014RoadFilters,
    title = {{Road Crack Detection Using Visual Features Extracted by Gabor Filters}},
    year = {2014},
    journal = {Computer-Aided Civil and Infrastructure Engineering},
    author = {Zalama, Eduardo and G{\'{o}}mez-Garc{\'{i}}a-Bermejo, Jaime and Medina, Roberto and Llamas, José},
    number = {5},
    month = {5},
    pages = {342--358},
    volume = {29},
    url = {http://doi.wiley.com/10.1111/mice.12042},
    doi = {10.1111/mice.12042},
    issn = {10939687}
}

@article{Zalama2014RoadFiltersb,
    title = {{Road Crack Detection Using Visual Features Extracted by Gabor Filters}},
    year = {2014},
    journal = {Computer-Aided Civil and Infrastructure Engineering},
    author = {Zalama, Eduardo and G{\'{o}}mez-Garc{\'{i}}a-Bermejo, Jaime and Medina, Roberto and Llamas, José},
    doi = {10.1111/mice.12042},
    issn = {14678667}
}

@article{Victores2011Robot-aidedIntegration,
    title = {{Robot-aided tunnel inspection and maintenance system by vision and proximity sensor integration}},
    year = {2011},
    journal = {Automation in Construction},
    author = {Victores, J. G. and Mart{\'{i}}nez, S. and Jard{\'{o}}n, A. and Balaguer, C.},
    isbn = {0926-5805},
    doi = {10.1016/j.autcon.2010.12.005},
    issn = {09265805},
    keywords = {Concrete inspection, HMI, Robotic automation, Robotic tool design, Tunnel maintenance}
}

@article{Bencke2017RodoviasWorld,
    title = {{Rodovias Inteligentes : uma vis{\~{a}}o geral sobre as tecnologias empregadas no Brasil e no mundo Title : Smart Roads : an overview of the technologies in Brazil and in the world}},
    year = {2017},
    author = {Bencke, Luciana Regina and Luiz, Anderson and Perez, Fernandes and Costa, Osvaldo},
    number = {10},
    pages = {80--102},
    volume = {10}
}

@article{S0034425714004374,
    title = {{S0034425714004374}}
}

@inproceedings{Uhlig2006SafetyConstruction,
    title = {{Safety and reliability within UAV construction}},
    year = {2006},
    booktitle = {AIAA/IEEE Digital Avionics Systems Conference - Proceedings},
    author = {Uhlig, Daniel and Bhamidipati, Keerti and Neogi, Natasha},
    isbn = {1424403782},
    doi = {10.1109/DASC.2006.313736}
}

@article{Andric2017ScienceDirectProcedures,
    title = {{ScienceDirect Assessing the feasibility of using the heat demand-outdoor temperature function for a long-term district heat demand forecast Infrared drones in the construction industry: designing a protocol for building thermography procedures}},
    year = {2017},
    journal = {Energy Procedia},
    author = {Andri{\'{c}}, I and Pina, A and Ferr{\~{a}}o, P and Fournier, J and Lacarri{\`{e}}re, B and Le Corre, O and Entrop, A G and Vasenev, A},
    pages = {63--68},
    volume = {132},
    url = {www.sciencedirect.com www.elsevier.com/locate/procedia},
    doi = {10.1016/j.egypro.2017.09.636},
    keywords = {drone, infrared inspection, protocol, thermography, unmanned aerial vehicle, zero energy building}
}

@article{Zhu2018SeeingPerspective,
    title = {{Seeing Small Faces from Robust Anchor's Perspective}},
    year = {2018},
    author = {Zhu, Chenchen and Tao, Ran and Luu, Khoa and Savvides, Marios},
    volume = {1},
    url = {http://arxiv.org/abs/1802.09058},
    doi = {10.1109/CVPR.2018.00538},
    issn = {0011-5266},
    arxivId = {1802.09058}
}

@article{Gehrke2008Semi-globalGeneration,
    title = {{Semi-global matching: an alternative to lidar for dsm generation?}},
    year = {2008},
    author = {Gehrke, S and Morin, K and Downey, M and Boehrer, N and Fuchs, T and Geomatics, North West and Models, Digital Elevation and Geomatics, North West and Geomatics, North West},
    keywords = {aerial, algorithms, dem, dtm, lidar, matching, orthorectification, pushbroom, surface}
}

@article{Ren2018SmallR-CNN,
    title = {{Small Object Detection in Optical Remote Sensing Images via Modified Faster R-CNN}},
    year = {2018},
    journal = {Applied Sciences},
    author = {Ren, Yun and Zhu, Changren and Xiao, Shunping},
    number = {5},
    pages = {813},
    volume = {8},
    url = {http://www.mdpi.com/2076-3417/8/5/813},
    doi = {10.3390/app8050813},
    issn = {2076-3417},
    keywords = {feature pyramid, modified faster r-cnn, object detection, remote sensing}
}

@article{Tang2018SpatialModeling,
    title = {{Spatial Transferability of Neural Network Models in Travel Demand Modeling}},
    year = {2018},
    author = {Tang, Liang and Xiong, Chenfeng and Zhang, Lei},
    number = {3},
    pages = {1--10},
    volume = {32},
    doi = {10.1061/(ASCE)CP.1943-5487.0000752.}
}

@article{Huang2017Speed/accuracyDetectors,
    title = {{Speed/accuracy trade-offs for modern convolutional object detectors}},
    year = {2017},
    journal = {Proceedings - 30th IEEE Conference on Computer Vision and Pattern Recognition, CVPR 2017},
    author = {Huang, Jonathan and Rathod, Vivek and Sun, Chen and Zhu, Menglong and Korattikara, Anoop and Fathi, Alireza and Fischer, Ian and Wojna, Zbigniew and Song, Yang and Guadarrama, Sergio and Murphy, Kevin},
    pages = {3296--3305},
    volume = {2017-Janua},
    isbn = {9781538604571},
    doi = {10.1109/CVPR.2017.351},
    issn = {16113349},
    pmid = {23739795},
    arxivId = {1611.10012}
}

@article{Shi2016StructuredForests,
    title = {{Structured Forests}},
    year = {2016},
    journal = {IEEE Transactions on Intelligent Transportation Systems},
    author = {Shi, Yong and Cui, Limeng and Qi, Zhiquan and Meng, Fan and Chen, Zhensong},
    number = {12},
    pages = {1--12},
    volume = {17}
}

@article{Zeng2017TheSystem,
    title = {{The impacts of environmental variables on water reflectance measured using a lightweight unmanned aerial vehicle (UAV)-based spectrometer system}},
    year = {2017},
    journal = {ISPRS Journal of Photogrammetry and Remote Sensing},
    author = {Zeng, Chuiqing and Richardson, Murray and King, Douglas J.},
    doi = {10.1016/j.isprsjprs.2017.06.004},
    issn = {09242716},
    keywords = {CDOM, Chlorophyll-a, Environmental variables, Hyperspectral data, Turbidity, Unmanned Aerial Vehicle (UAV), Water quality, Water reflectance}
}

@article{Park2017TheActivity,
    title = {{The usability of unmanned aerial vehicles (UAVs) for measuring park-based physical activity}},
    year = {2017},
    journal = {Landscape and Urban Planning},
    author = {Park, Keunhyun and Ewing, Reid},
    doi = {10.1016/j.landurbplan.2017.06.010},
    issn = {01692046},
    keywords = {Direct observation, Park use, Park visitation, System for observing play and recreation in commun, Unmanned aerial vehicles(UAVs)}
}

@article{Shaad2016TowardsRiver-corridors,
    title = {{Towards high resolution and cost-effective terrain mapping for urban hydrodynamic modelling in densely settled river-corridors}},
    year = {2016},
    journal = {Sustainable Cities and Society},
    author = {Shaad, K. and Ninsalam, Y. and Padawangi, R. and Burlando, P.},
    isbn = {2210-6707},
    doi = {10.1016/j.scs.2015.09.005},
    issn = {22106707},
    keywords = {Hydrodynamic modelling, Jakarta, Photogrammetry, Urban flooding}
}

@article{Colomina2014UnmannedReview,
    title = {{Unmanned aerial systems for photogrammetry and remote sensing: A review}},
    year = {2014},
    journal = {ISPRS Journal of Photogrammetry and Remote Sensing},
    author = {Colomina, I. and Molina, P.},
    pages = {79--97},
    volume = {92},
    publisher = {International Society for Photogrammetry and Remote Sensing, Inc. (ISPRS)},
    isbn = {0924-2716},
    doi = {10.1016/j.isprsjprs.2014.02.013},
    issn = {09242716},
    pmid = {22368479}
}

@article{Colomina2014UnmannedReviewb,
    title = {{Unmanned aerial systems for photogrammetry and remote sensing: A review}},
    year = {2014},
    journal = {ISPRS Journal of Photogrammetry and Remote Sensing},
    author = {Colomina, I. and Molina, P.},
    pages = {79--97},
    volume = {92},
    publisher = {International Society for Photogrammetry and Remote Sensing, Inc. (ISPRS)},
    url = {http://dx.doi.org/10.1016/j.isprsjprs.2014.02.013},
    isbn = {0924-2716},
    doi = {10.1016/j.isprsjprs.2014.02.013},
    issn = {09242716},
    pmid = {22368479},
    arxivId = {10.1.1.91.5767},
    keywords = {Photogrammetry, Remote sensing, Review, UAV}
}

@article{Tziavou2017UnmannedResults,
    title = {{Unmanned Aerial Vehicle (UAV) based mapping in engineering geological surveys: Considerations for optimum results}},
    year = {2017},
    journal = {Engineering Geology},
    author = {Tziavou, O. and Pytharouli, S. and Souter, J.},
    doi = {10.1016/j.enggeo.2017.11.004},
    issn = {00137952}
}

@article{Masri2013UnsupervisedSensor,
    title = {{Unsupervised Approach for Autonomous Pavement-Defect Detection and Quantification Using an Inexpensive Depth Sensor}},
    year = {2013},
    journal = {Journal of Computing in Civil Engineering},
    author = {Masri, Sami F. and Asce, M and Becerik-gerber, Burcin and Asce, A M and Jahanshahi, Mohammad R. and Jazizadeh, Farrokh},
    number = {December},
    pages = {743--754},
    volume = {27},
    url = {http://ascelibrary.org/doi/abs/10.1061/(ASCE)CP.1943-5487.0000245},
    doi = {10.1061/(ASCE)CP.1943-5487.0000245.},
    issn = {0887-3801},
    keywords = {Defect detection, Defect quantification, Defects, Depth sensor, Pavement management, Pavement-condition assessment, Probe instruments}
}

@misc{Yan2015UrbanReview,
    title = {{Urban land cover classification using airborne LiDAR data: A review}},
    year = {2015},
    booktitle = {Remote Sensing of Environment},
    author = {Yan, Wai Yeung and Shaker, Ahmed and El-Ashmawy, Nagwa},
    isbn = {0034-4257},
    doi = {10.1016/j.rse.2014.11.001},
    issn = {00344257},
    keywords = {Airborne LiDAR, Full-waveform, Land cover classification, Land cover mapping, Laser scanning, LiDAR intensity, Radiometric calibration, Radiometric correction, Urban analysis, Urban environment}
}

@article{Hart2010UseFor,
    title = {{Use of Micro Unmanned Aerial Vehicles for}},
    year = {2010},
    author = {Hart, William Scott and Gharaibeh, Nasir G},
    number = {2},
    pages = {80--92},
    volume = {7}
}

@article{Parente2017UtilizacaoAsfaltico,
    title = {{Utiliza{\c{c}}{\~{a}}o de ve{\'{i}}culo a{\'{e}}reo n{\~{a}}o tripulado (VANT) na identifica{\c{c}}{\~{a}}o de patologia superficial em pavimento asf{\'{a}}ltico}},
    year = {2017},
    journal = {N{\'{u}}mero},
    author = {Parente, D Cardoso and Felix, N Carvalho and Pican{\c{c}}o, A Pessoa},
    pages = {160--171},
    volume = {2},
    url = {http://dx.doi.org/10.21041/ra.v7i1.161},
    doi = {10.21041/ra.v7i1.161}
}

@article{Mesas-Carrascosa2014ValidationImagery,
    title = {{Validation of measurements of land plot area using UAV imagery}},
    year = {2014},
    journal = {International Journal of Applied Earth Observation and Geoinformation},
    author = {Mesas-Carrascosa, Francisco Javier and Notario-Garc{\'{i}}a, María Dolores and de Larriva, María Dolores Notario García and de la Orden, Manuel Sánchez and Porras, Alfonso García Ferrer},
    isbn = {0303-2434},
    doi = {10.1016/j.jag.2014.06.009},
    issn = {15698432},
    keywords = {ISO 5725, Land policies, UAV}
}

@article{VaradharajanVisionInspection,
    title = {{Vision for Road Inspection}},
    author = {Varadharajan, Srivatsan and Jose, Sobhagya and Sharma, Karan and Wander, Lars and Mertz, Christoph},
    pages = {2--9}
}

@article{VaradharajanVisionInspectionb,
    title = {{Vision for Road Inspection}},
    author = {Varadharajan, Srivatsan and Jose, Sobhagya and Sharma, Karan and Wander, Lars and Mertz, Christoph},
    pages = {2--9}
}

@article{Brilakis2011VisualInfrastructure,
    title = {{Visual Pattern Recognition Models for Remote Sensing of Civil Infrastructure}},
    year = {2011},
    author = {Brilakis, Ioannis and German, Stephanie and Zhu, Zhenhua},
    number = {October},
    pages = {388--393},
    volume = {25},
    doi = {10.1061/(ASCE)CP.1943-5487}
}

@article{Jiang2004WaveletAnalysis,
    title = {{Wavelet Packet-Autocorrelation Function Method for Traffic Flow Pattern Analysis}},
    year = {2004},
    journal = {Computer-Aided Civil and Infrastructure Engineering},
    author = {Jiang, X and Adeli, H},
    number = {5},
    pages = {324--337},
    volume = {19},
    doi = {10.1111/j.1467-8667.2004.00360.x},
    issn = {1093-9687}
}

@misc{Erdelj2017WirelessManagement,
    title = {{Wireless Sensor Networks and Multi-UAV systems for natural disaster management}},
    year = {2017},
    booktitle = {Computer Networks},
    author = {Erdelj, Milan and Kr{\'{o}}l, Michał and Natalizio, Enrico},
    doi = {10.1016/j.comnet.2017.05.021},
    issn = {13891286},
    keywords = {Natural disasters, Unmanned Aerial Vehicles, Wireless Sensor Networks}
}