@InProceedings{C2,
  author = 	 "Jones, C.D. and Smith, A.B. and Roberts, E.F.",
  booktitle =        "Proceedings Title",
  organization = "IEEE",
  year = 	 "2003",
  volume = 	 "II",
  pages = 	 "803-806"
}
@article{wangperez,
  author    = {Luis Perez and
               Jason Wang},
  title     = {The Effectiveness of Data Augmentation in Image Classification using
               Deep Learning},
  journal   = {CoRR},
  volume    = {abs/1712.04621},
  year      = {2017},
  url       = {http://arxiv.org/abs/1712.04621},
  archivePrefix = {arXiv},
  eprint    = {1712.04621},
  timestamp = {Mon, 13 Aug 2018 16:48:03 +0200},
  biburl    = {https://dblp.org/rec/bib/journals/corr/abs-1712-04621},
  bibsource = {dblp computer science bibliography, https://dblp.org}
}
